<record><leader>00000cas a22000007a 4500</leader><controlfield tag="001">17939436</controlfield><controlfield tag="008">880511d19081910nyuwr ne      0    0eng d</controlfield><datafield ind1=" " ind2=" " tag="010"><subfield code="a">sn 88074365 </subfield></datafield><datafield ind1=" " ind2=" " tag="040"><subfield code="a">NYS</subfield><subfield code="b">eng</subfield><subfield code="c">NYS</subfield><subfield code="d">OCLCQ</subfield></datafield><datafield ind1=" " ind2=" " tag="042"><subfield code="a">msc</subfield></datafield><datafield ind1="0" ind2=" " tag="130"><subfield code="a">Union-gazette (Newark, N.Y.)</subfield></datafield><datafield ind1="1" ind2="4" tag="245"><subfield code="a">The Union-gazette.</subfield></datafield><datafield ind1=" " ind2=" " tag="260"><subfield code="a">Newark, N.Y. :</subfield><subfield code="b">W.C. &amp; F.D. Burgess,</subfield><subfield code="c">1908-1910.</subfield></datafield><datafield ind1=" " ind2=" " tag="300"><subfield code="a">v.</subfield></datafield><datafield ind1=" " ind2=" " tag="310"><subfield code="a">Weekly</subfield></datafield><datafield ind1="0" ind2=" " tag="362"><subfield code="a">Vol. 36, no. 12 (Apr. 1, 1908)-v. 38, no. 18 (May 14, 1910) = vol. 27,no. 4-v.23, no. 10 ; vol. 38, no. 9 (May 21, 1910)-v. 39, no. 20 (May 23, 1910).</subfield></datafield><datafield ind1=" " ind2=" " tag="515"><subfield code="a">Continues numbering for Newark union and Newark gazette.</subfield></datafield><datafield ind1=" " ind2="4" tag="651"><subfield code="a">Newark (N.Y.)</subfield><subfield code="v">Newspapers.</subfield></datafield><datafield ind1=" " ind2=" " tag="752"><subfield code="a">United States</subfield><subfield code="b">New York</subfield><subfield code="c">Wayne</subfield><subfield code="d">Newark.</subfield></datafield><datafield ind1="0" ind2="4" tag="780"><subfield code="t">Newark union</subfield><subfield code="w">(DLC)sn 85026908</subfield></datafield><datafield ind1="0" ind2="4" tag="780"><subfield code="t">Newark gazette (Newark, N.Y.)</subfield><subfield code="w">(DLC)sn 88074364</subfield><subfield code="w">(OCoLC)17939239</subfield></datafield><datafield ind1="0" ind2="0" tag="785"><subfield code="t">Newark union-gazette</subfield><subfield code="w">(DLC)sn 88074501</subfield></datafield><datafield ind1="1" ind2=" " tag="029"><subfield code="a">AU@</subfield><subfield code="b">000020508397</subfield></datafield></record>